@article{park2010normal,
  title={Normal-force control for an in-pipe robot according to the inclination of pipelines},
  author={Park, Jungwan and Hyun, Dongjun and Cho, Woong-Hee and Kim, Tae-Hyun and Yang, Hyun-Seok},
  journal={IEEE transactions on Industrial Electronics},
  volume={58},
  number={12},
  pages={5304--5310},
  year={2010},
  publisher={IEEE}
}

@article{moghaddam2011pipe,
  title={In-pipe inspection crawler adaptable to the pipe interior diameter},
  author={Moghaddam, Majid M and Arbabtafti, Mohammadreza and Hadi, Alireza},
  journal={International Journal of Robotics and Automation},
  volume={26},
  number={2},
  pages={135},
  year={2011}
}

@inproceedings{kim2010famper,
  title={FAMPER: A fully autonomous mobile robot for pipeline exploration},
  author={Kim, Jong-Hoon and Sharma, Gokarna and Iyengar, S Sitharama},
  booktitle={2010 IEEE International Conference on Industrial Technology},
  pages={517--523},
  year={2010},
  organization={IEEE}
}

@article{ciszewski2015design,
  title={Design, modelling and laboratory testing of a pipe inspection robot},
  author={Ciszewski, Micha{\l} and Wac{\l}awski, Micha{\l} and Buratowski, Tomasz and Giergiel, Mariusz and Kurc, Krzysztof},
  journal={Archive of Mechanical Engineering},
  pages={395--407},
  year={2015},
  publisher={Polish Academy of Sciences, Committee on Machine Building}
}

@inproceedings{sato2011development,
  title={Development of in-pipe robot capable of coping with various diameters},
  author={Sato, Kaname and Ohki, Taku and Lim, Hun-ok},
  booktitle={2011 11th International Conference on Control, Automation and Systems},
  pages={1076--1081},
  year={2011},
  organization={IEEE}
}

@article{mills2017advances,
  title={Advances in the inspection of unpiggable pipelines},
  author={Mills, George H and Jackson, Andrew E and Richardson, Robert C},
  journal={Robotics},
  volume={6},
  number={4},
  pages={36},
  year={2017},
  publisher={Multidisciplinary Digital Publishing Institute}
}

@article{okada1987mogrer,
	title={MOGRER: A vehicle study and realization for in-pipe inspection tasks},
	author={Okada, Tokuji and Sanemori, Tsuyoshi},
	journal={IEEE Journal on Robotics and Automation},
	volume={3},
	number={6},
	pages={573--582},
	year={1987},
	publisher={IEEE}
}

@article{roh2005differential,
	title={Differential-drive in-pipe robot for moving inside urban gas pipelines},
	author={Roh, Se-gon and Choi, Hyouk Ryeol},
	journal={IEEE transactions on robotics},
	volume={21},
	number={1},
	pages={1--17},
	year={2005},
	publisher={IEEE}
}

@article{acoustic2020,
	title={Acoustic detection and tracking of a pipeline inspection gauge},
	author={ Bernasconi, Giancarlo and Giunta, Giuseppe},
	
	pages={3--4},
	year={2020},
	publisher={Elsevier}
}

@article{HLT,
  title={Engineering Tables and Data},
  author={Howatson, AM and Lund, PG and Todd, JD},
  year={2009},
  publisher={Springer}
}

@misc{rsproLinear,
	author = {{RS Components Ltd.}},
	title = {Actuonix Micro Linear Actuator},
	howpublished = {Online},
	note = { \url{https://uk.rs-online.com/web/p/miniature-electric-actuators-rod/9181369/} },
}

@misc{inuktunTracks,
	author = {{Eddyfi Technologies}},
	title = {{Inuktun MiniTrac}},
	howpublished = {Online},
	note = { \url{https://www.eddyfi.com/doc/Downloadables/Inuktun-Minitrac-Specifications-01.pdf} },
}

@misc{rsproRotation,
	author = {{RS Components Ltd.}},
	title = {Maxon Brushless DC Motor},
	howpublished = {Online},
	note = { \url{https://uk.rs-online.com/web/p/dc-motors/1817546/} },
}

@misc{patent26,
	author = {{European Patent Office}},
	title = {Patent Search: F16L55/26},
	howpublished = {Online},
	note = { \url{https://worldwide.espacenet.com/patent/search?q=cl%20%3D%20%22F16L55%2F26%22} },
}

@misc{patent30,
	author = {{European Patent Office}},
	title = {Patent Search: F16L2101/30},
	howpublished = {Online},
	note = { \url{https://worldwide.espacenet.com/patent/search?q=cl%20%3D%20%22F16L2101%2F30%22} },
}

@incollection{christensen1998innovation,
author = {Christensen, Clayton M},
editor = {Dorf, Richard C},
title = {The Evolution of Innovation},
booktitle = {The technology management handbook},
year={1998},
publisher={CRC Press}
}

@article{porter2008five,
  title={The five competitive forces that shape strategy},
  author={Porter, Michael E},
  journal={Harvard business review},
  volume={86},
  number={1},
  pages={78},
  year={2008}
}

@article{kishawy2010review,
  title={Review of pipeline integrity management practices},
  author={Kishawy, Hossam A and Gabbar, Hossam A},
  journal={International Journal of Pressure Vessels and Piping},
  volume={87},
  number={7},
  pages={373--380},
  year={2010},
  publisher={Elsevier}
}

@article{neve2020fibreoptic,
author = {Evan Neve},
title = {Fibre-Optic Cable Manufacturing in the UK},
journal = {IBIS World},
year = {2020},
}

@article{rake2020graphic,
author = {Rachita Rake},
title = {Graphic Processing Unit (GPU) Market by Type (Dedicated, Integrated, and Hybrid), Device (Computer, Tablet, Smartphone, Gaming Console, Television, and Others), Industry Vertical (Electronics, IT \& Telecommunication, Defense \& Intelligence, Media \& Entertainment, and Others): Global Opportunity Analysis and Industry Forecast, 2020-2027},
journal = {Allied Market Research},
year = {2020},
}
