%This is an example bibtex file

% A book
@book{WilliamsTodd,
  author    = {Williams, M S and Todd, J S}, 
  title     = {{Structures: Theory and Analysis}},
  publisher = {Red Globe Press},
  year      = 2000
}
% A journal article
@article{coussios2008applications,
  title={Applications of acoustics and cavitation to noninvasive therapy and drug delivery},
  author={Coussios, C C and Roy, R A},
  journal={Annu. Rev. Fluid Mech.},
  volume={40},
  pages={395--420},
  year={2008},
  publisher={Annual Reviews}
}
% Conference proceedings
@inproceedings{mei2009constant,
  title={A constant-time efficient stereo slam system},
  author={Mei, C and Sibley, G and Cummins, M and Newman, P and Reid, I},
  booktitle={Proceedings of the British machine vision conference},
  volume={1},
  year={2009},
  organization={BMVA Press}
}
% PhD thesis
@phdthesis{BrianMaysthesis,
  author       = {May, B S}, 
  title        = {{A survey of radial velocities in the zodiacal dust cloud}},
  school       = {Imperial College, London},
  year         = 2008
}
% Masters thesis
@MastersThesis{RowanAtkinsonthesis,
    author     =     {Atkinson, R S},
    title     =     {{The Application of self-tuning control}},
    school     =     {University of Oxford},
    year     =     {1978}
    }